<?xml version="1.0" encoding="UTF-8"?>
  <record xmlns="http://www.loc.gov/MARC21/slim" type="Authority">
    <leader>00000nz  a2200000oc 4500</leader>
    <controlfield tag="001">132270633</controlfield>
    <controlfield tag="003">DE-101</controlfield>
    <controlfield tag="005">20200724095124.0</controlfield>
    <controlfield tag="008">061108n||aznnnaabn           | aaa    |c</controlfield>
    <datafield tag="024" ind1="7" ind2=" ">
      <subfield code="a">132270633</subfield>
      <subfield code="0">http://d-nb.info/gnd/132270633</subfield>
      <subfield code="2">gnd</subfield>
    </datafield>
    <datafield tag="035" ind1=" " ind2=" ">
      <subfield code="a">(DE-101)132270633</subfield>
    </datafield>
    <datafield tag="035" ind1=" " ind2=" ">
      <subfield code="a">(DE-588)132270633</subfield>
    </datafield>
    <datafield tag="035" ind1=" " ind2=" ">
      <subfield code="z">(DE-588a)132270633</subfield>
      <subfield code="9">v:zg</subfield>
    </datafield>
    <datafield tag="040" ind1=" " ind2=" ">
      <subfield code="a">DE-35</subfield>
      <subfield code="c">DE-35</subfield>
      <subfield code="9">r:DE-601</subfield>
      <subfield code="b">ger</subfield>
      <subfield code="d">0017</subfield>
    </datafield>
    <datafield tag="042" ind1=" " ind2=" ">
      <subfield code="a">gnd3</subfield>
    </datafield>
    <datafield tag="043" ind1=" " ind2=" ">
      <subfield code="c">XA-DE</subfield>
    </datafield>
    <datafield tag="075" ind1=" " ind2=" ">
      <subfield code="b">p</subfield>
      <subfield code="2">gndgen</subfield>
    </datafield>
    <datafield tag="075" ind1=" " ind2=" ">
      <subfield code="b">piz</subfield>
      <subfield code="2">gndspec</subfield>
    </datafield>
    <datafield tag="079" ind1=" " ind2=" ">
      <subfield code="a">g</subfield>
      <subfield code="q">f</subfield>
    </datafield>
    <datafield tag="100" ind1="1" ind2=" ">
      <subfield code="a">Meibom, Brandan Johann</subfield>
      <subfield code="d">1667-1667</subfield>
    </datafield>
    <datafield tag="375" ind1=" " ind2=" ">
      <subfield code="a">1</subfield>
      <subfield code="2">iso5218</subfield>
    </datafield>
    <datafield tag="400" ind1="1" ind2=" ">
      <subfield code="a">Meibom, Brandanus Johannes</subfield>
      <subfield code="d">1667-1667</subfield>
    </datafield>
    <datafield tag="400" ind1="1" ind2=" ">
      <subfield code="a">Meibom, Johannes Brandanus</subfield>
      <subfield code="d">1667-1667</subfield>
    </datafield>
    <datafield tag="400" ind1="1" ind2=" ">
      <subfield code="a">Meibom, Johann Brandan</subfield>
      <subfield code="d">1667-1667</subfield>
    </datafield>
    <datafield tag="400" ind1="1" ind2=" ">
      <subfield code="a">Meibomius, Brandanus Johannes</subfield>
      <subfield code="d">1667-1667</subfield>
    </datafield>
    <datafield tag="400" ind1="1" ind2=" ">
      <subfield code="a">Meibomius, Johannes Brandanus</subfield>
      <subfield code="d">1667-1667</subfield>
    </datafield>
    <datafield tag="500" ind1="1" ind2=" ">
      <subfield code="0">(DE-101)118732560</subfield>
      <subfield code="0">(DE-588)118732560</subfield>
      <subfield code="0">https://d-nb.info/gnd/118732560</subfield>
      <subfield code="a">Meibom, Heinrich</subfield>
      <subfield code="d">1638-1700</subfield>
      <subfield code="4">bezf</subfield>
      <subfield code="4">https://d-nb.info/standards/elementset/gnd#familialRelationship</subfield>
      <subfield code="w">r</subfield>
      <subfield code="i">Beziehung familiaer</subfield>
      <subfield code="e">Beziehung familiaer</subfield>
      <subfield code="9">v:Vater</subfield>
    </datafield>
    <datafield tag="500" ind1="1" ind2=" ">
      <subfield code="0">(DE-101)122674235</subfield>
      <subfield code="0">(DE-588)122674235</subfield>
      <subfield code="0">https://d-nb.info/gnd/122674235</subfield>
      <subfield code="a">Meibom, Anna Sophia</subfield>
      <subfield code="d">1639-1727</subfield>
      <subfield code="4">bezf</subfield>
      <subfield code="4">https://d-nb.info/standards/elementset/gnd#familialRelationship</subfield>
      <subfield code="w">r</subfield>
      <subfield code="i">Beziehung familiaer</subfield>
      <subfield code="e">Beziehung familiaer</subfield>
      <subfield code="9">v:Mutter</subfield>
    </datafield>
    <datafield tag="500" ind1="1" ind2=" ">
      <subfield code="0">(DE-101)104280611</subfield>
      <subfield code="0">(DE-588)104280611</subfield>
      <subfield code="0">https://d-nb.info/gnd/104280611</subfield>
      <subfield code="a">Meibom, Hermann Dietrich</subfield>
      <subfield code="d">1671-1745</subfield>
      <subfield code="4">bezf</subfield>
      <subfield code="4">https://d-nb.info/standards/elementset/gnd#familialRelationship</subfield>
      <subfield code="w">r</subfield>
      <subfield code="i">Beziehung familiaer</subfield>
      <subfield code="e">Beziehung familiaer</subfield>
      <subfield code="9">v:Bruder</subfield>
    </datafield>
    <datafield tag="500" ind1="1" ind2=" ">
      <subfield code="0">(DE-101)129401331</subfield>
      <subfield code="0">(DE-588)129401331</subfield>
      <subfield code="0">https://d-nb.info/gnd/129401331</subfield>
      <subfield code="a">Meibom, Brandan</subfield>
      <subfield code="d">1678-1740</subfield>
      <subfield code="4">bezf</subfield>
      <subfield code="4">https://d-nb.info/standards/elementset/gnd#familialRelationship</subfield>
      <subfield code="w">r</subfield>
      <subfield code="i">Beziehung familiaer</subfield>
      <subfield code="e">Beziehung familiaer</subfield>
      <subfield code="9">v:Bruder</subfield>
    </datafield>
    <datafield tag="500" ind1="1" ind2=" ">
      <subfield code="0">(DE-101)12230733X</subfield>
      <subfield code="0">(DE-588)12230733X</subfield>
      <subfield code="0">https://d-nb.info/gnd/12230733X</subfield>
      <subfield code="a">Meibom, Heinrich</subfield>
      <subfield code="d">1683-1714</subfield>
      <subfield code="4">bezf</subfield>
      <subfield code="4">https://d-nb.info/standards/elementset/gnd#familialRelationship</subfield>
      <subfield code="w">r</subfield>
      <subfield code="i">Beziehung familiaer</subfield>
      <subfield code="e">Beziehung familiaer</subfield>
      <subfield code="9">v:Bruder</subfield>
    </datafield>
    <datafield tag="500" ind1="1" ind2=" ">
      <subfield code="0">(DE-101)132271028</subfield>
      <subfield code="0">(DE-588)132271028</subfield>
      <subfield code="0">https://d-nb.info/gnd/132271028</subfield>
      <subfield code="a">Meibom, Johann Heinrich</subfield>
      <subfield code="d">1668-1669</subfield>
      <subfield code="4">bezf</subfield>
      <subfield code="4">https://d-nb.info/standards/elementset/gnd#familialRelationship</subfield>
      <subfield code="w">r</subfield>
      <subfield code="i">Beziehung familiaer</subfield>
      <subfield code="e">Beziehung familiaer</subfield>
      <subfield code="9">v:Bruder</subfield>
    </datafield>
    <datafield tag="500" ind1="1" ind2=" ">
      <subfield code="0">(DE-101)132270447</subfield>
      <subfield code="0">(DE-588)132270447</subfield>
      <subfield code="0">https://d-nb.info/gnd/132270447</subfield>
      <subfield code="a">Meibom, Elisabeth</subfield>
      <subfield code="d">1665-1667</subfield>
      <subfield code="4">bezf</subfield>
      <subfield code="4">https://d-nb.info/standards/elementset/gnd#familialRelationship</subfield>
      <subfield code="w">r</subfield>
      <subfield code="i">Beziehung familiaer</subfield>
      <subfield code="e">Beziehung familiaer</subfield>
      <subfield code="9">v:Schwester</subfield>
    </datafield>
    <datafield tag="548" ind1=" " ind2=" ">
      <subfield code="a">1667-1667</subfield>
      <subfield code="4">datl</subfield>
      <subfield code="4">https://d-nb.info/standards/elementset/gnd#dateOfBirthAndDeath</subfield>
      <subfield code="w">r</subfield>
      <subfield code="i">Lebensdaten</subfield>
    </datafield>
    <datafield tag="551" ind1=" " ind2=" ">
      <subfield code="0">(DE-101)040243443</subfield>
      <subfield code="0">(DE-588)4024344-8</subfield>
      <subfield code="0">https://d-nb.info/gnd/4024344-8</subfield>
      <subfield code="a">Helmstedt</subfield>
      <subfield code="4">ortg</subfield>
      <subfield code="4">https://d-nb.info/standards/elementset/gnd#placeOfBirth</subfield>
      <subfield code="w">r</subfield>
      <subfield code="i">Geburtsort</subfield>
    </datafield>
    <datafield tag="551" ind1=" " ind2=" ">
      <subfield code="0">(DE-101)040243443</subfield>
      <subfield code="0">(DE-588)4024344-8</subfield>
      <subfield code="0">https://d-nb.info/gnd/4024344-8</subfield>
      <subfield code="a">Helmstedt</subfield>
      <subfield code="4">orts</subfield>
      <subfield code="4">https://d-nb.info/standards/elementset/gnd#placeOfDeath</subfield>
      <subfield code="w">r</subfield>
      <subfield code="i">Sterbeort</subfield>
    </datafield>
    <datafield tag="913" ind1=" " ind2=" ">
      <subfield code="S">pnd</subfield>
      <subfield code="i">a</subfield>
      <subfield code="a">Meibom, Brandanus Johannes</subfield>
      <subfield code="0">(DE-588a)132270633</subfield>
    </datafield>
  </record>
